<record><leader>00000cas a22000007a 4500</leader><controlfield tag="001">18253352</controlfield><controlfield tag="008">880722d18851885nyuwr ne      0    0eng d</controlfield><datafield ind1=" " ind2=" " tag="010"><subfield code="a">sn 88074641 </subfield></datafield><datafield ind1=" " ind2=" " tag="040"><subfield code="a">NYS</subfield><subfield code="b">eng</subfield><subfield code="c">NYS</subfield><subfield code="d">OCLCQ</subfield></datafield><datafield ind1=" " ind2=" " tag="042"><subfield code="a">msc</subfield></datafield><datafield ind1="0" ind2="4" tag="245"><subfield code="a">The Macedon. News and miscellany.</subfield></datafield><datafield ind1="3" ind2="0" tag="246"><subfield code="a">Macedon</subfield></datafield><datafield ind1=" " ind2=" " tag="260"><subfield code="a">Macedon, N.Y. :</subfield><subfield code="b">F.L. Browne</subfield></datafield><datafield ind1=" " ind2=" " tag="300"><subfield code="a">v.</subfield></datafield><datafield ind1=" " ind2=" " tag="310"><subfield code="a">Weekly</subfield></datafield><datafield ind1="1" ind2=" " tag="362"><subfield code="a">Began in 1885; ceased in 1885.</subfield></datafield><datafield ind1=" " ind2=" " tag="588"><subfield code="a">Description based on: Vol. 1, no. 16 (July 11, 1885).</subfield></datafield><datafield ind1=" " ind2="4" tag="651"><subfield code="a">Macedon (N.Y.)</subfield><subfield code="v">Newspapers.</subfield></datafield><datafield ind1=" " ind2=" " tag="752"><subfield code="a">United States</subfield><subfield code="b">New York</subfield><subfield code="c">Wayne</subfield><subfield code="d">Macedon.</subfield></datafield><datafield ind1="0" ind2="0" tag="785"><subfield code="t">Macedonian</subfield><subfield code="w">(DLC)sn 88074640</subfield><subfield code="w">(OCoLC)18288351</subfield></datafield><datafield ind1="1" ind2=" " tag="029"><subfield code="a">AU@</subfield><subfield code="b">000020524768</subfield></datafield></record>